<?xml version="1.0" encoding="UTF-8"?><record xmlns="http://www.loc.gov/MARC21/slim" xmlns:cinclude="http://apache.org/cocoon/include/1.0" xmlns:zs="http://www.loc.gov/zing/srw/">
  <leader>00474nz  a2200157n  4500</leader>
  <controlfield tag="001">no 95020363 </controlfield>
  <controlfield tag="003">DLC</controlfield>
  <controlfield tag="005">19950425055439.6</controlfield>
  <controlfield tag="008">950424n| acannaab|          |a aaa     c</controlfield>
  <datafield tag="010" ind1=" " ind2=" ">
    <subfield code="a">no 95020363 </subfield>
  </datafield>
  <datafield tag="035" ind1=" " ind2=" ">
    <subfield code="a">(OCoLC)oca03821718 </subfield>
  </datafield>
  <datafield tag="040" ind1=" " ind2=" ">
    <subfield code="a">AzTeS</subfield>
    <subfield code="c">AzTeS</subfield>
  </datafield>
  <datafield tag="100" ind1="1" ind2="0">
    <subfield code="a">Pierotti, Raymond John</subfield>
  </datafield>
  <datafield tag="400" ind1="1" ind2="0">
    <subfield code="a">Pierotti, R. J.</subfield>
    <subfield code="q">(Raymond John)</subfield>
  </datafield>
  <datafield tag="670" ind1=" " ind2=" ">
    <subfield code="a">Herring gull, 1994:</subfield>
    <subfield code="b">cover t.p. (R.J. Pierotti) p. 26 (Raymond Pierotti)</subfield>
  </datafield>
  <datafield tag="670" ind1=" " ind2=" ">
    <subfield code="a">NLC, 3/27/95</subfield>
    <subfield code="b">(Pierotti, Raymond John)</subfield>
  </datafield>
</record>